@article{haddican2013interaction,
  title={Interaction of social and linguistic constraints on two vowel changes in Northern {E}ngland},
  author={Haddican, Bill and Foulkes, Paul and Hughes, Vincent and Richards, Hazel},
  journal={Language Variation and Change},
  volume={25},
  number={03},
  pages={371--403},
  year={2013},
  publisher={Cambridge Univ Press}
}

@phdthesis{fruehwald2013phonological,
  title={The Phonological Influence on Phonetic Change},
  author={Fruehwald, Josef},
  year={2013},
  school={University of Pennsylvania}
}
@article{harrington2008compensation,
  title={Compensation for coarticulation, /u/-fronting, and sound change in {S}tandard {S}outhern {B}ritish {E}nglish: An acoustic and perceptual study},
  author={Harrington, Jonathan and Kleber, Felicitas and Reubold, Ulrich},
  journal={The Journal of the Acoustical Society of America},
  volume={123},
  number={5},
  pages={2825--2835},
  year={2008},
  publisher={Acoustical Society of America}
}
@article{ester1996density,
  title={A density-based algorithm for discovering clusters in large spatial databases with noise.},
  author={Ester, Martin and Kriegel, Hans-Peter and Sander, J{\"o}rg and Xu, Xiaowei},
  journal={Kdd},
  volume={96},
  number={34},
  pages={226--231},
  year={1996}
}
@book{labov1994principles,
  title={{P}rinciples of {L}inguistic {C}hange, {V}ol. 1: {I}nternal {F}actors},
  author={Labov, William},
  publisher={Blackwell},
  year={1994}
}
@InProceedings{jansen2010high,
  title={High back vowel fronting in the north-west of {E}ngland},
  author={Jansen, Sandra},
  booktitle={Proceedings of the workshop “Sociophonetics, at the crossroads of speech variation, processing and communication”, Scuola Normale Superiore Pisa, Italy, 14-15 December 2010},
  year={2010}
}
@book{labov2005atlas,
  title={The {A}tlas of North American English: Phonetics, phonology and sound change},
  author={Labov, William and Ash, Sharon and Boberg, Charles},
  year={2005},
  publisher={Walter de Gruyter}
}
 @article{watt2000phonetic,
  title={Phonetic parallels between the close-mid vowels of {T}yneside {E}nglish: Are they internally or externally motivated?},
  author={Watt, Dominic JL},
  journal={Language Variation and Change},
  volume={12},
  number={01},
  pages={69--101},
  year={2000},
  publisher={Cambridge Univ Press}
}
@article{baranowski2008fronting,
  title={The fronting of the back upgliding vowels in {C}harleston, {S}outh {C}arolina},
  author={Baranowski, Maciej},
  journal={Language Variation and Change},
  volume={20},
  number={03},
  pages={527--551},
  year={2008},
  publisher={Cambridge Univ Press}
}
@article{cox1999vowel,
  title={Vowel change in {A}ustralian {E}nglish},
  author={Cox, Felicity},
  journal={Phonetica},
  volume={56},
  number={1-2},
  pages={1--27},
  year={1999},
  publisher={Karger Publishers}
}
@article{easton2000acoustic,
  title={An acoustic study of the vowels of {N}ew {Z}ealand {E}nglish},
  author={Easton, Anita and Bauer, Laurie},
  journal={{A}ustralian {J}ournal of {L}inguistics},
  volume={20},
  number={2},
  pages={93--117},
  year={2000},
  publisher={Taylor \& Francis}
}
@article{kerswill2000creating,
  title={Creating a new town koine: {C}hildren and language change in {M}ilton {K}eynes},
  author={Kerswill, Paul and Williams, Ann},
  journal={Language in {S}ociety},
  volume={29},
  number={01},
  pages={65--115},
  year={2000},
  publisher={Cambridge Univ Press}
}
@phdthesis{durian2012new,
  title={A new perspective on vowel variation across the 19th and 20th centuries in Columbus, OH},
  author={Durian, David},
  year={2012},
  school={The Ohio State University}
}
@article{harrington2011physiological,
  title={The physiological, acoustic, and perceptual basis of high back vowel fronting: Evidence from {G}erman tense and lax vowels},
  author={Harrington, Jonathan and Hoole, Phil and Kleber, Felicitas and Reubold, Ulrich},
  journal={Journal of Phonetics},
  volume={39},
  number={2},
  pages={121--131},
  year={2011},
  publisher={Elsevier}
}
@InCollection{ohala1993phonetics,
  title={The phonetics of sound change},
  author={Ohala, John J},
  booktitle={Historical linguistics: Problems and perspectives},
    editor = 	 {Jones, Charles},
  pages={237--278},
    publisher = {Routledge},
      address = 	 {London},
  year={1993}
}

@article{harrington2007evidence,
  title={Evidence for a relationship between synchronic variability and diachronic change in the {Q}ueen’s annual {C}hristmas broadcasts},
  author={Harrington, Jonathan},
  journal={Laboratory {P}honology},
  volume={9},
  pages={125--143},
  year={2007}
}
@article{anderson1991hcrc,
  title={The {HCRC} map task corpus},
  author={Anderson, Anne H and Bader, Miles and Bard, Ellen Gurman and Boyle, Elizabeth and Doherty, Gwyneth and Garrod, Simon and Isard, Stephen and Kowtko, Jacqueline and McAllister, Jan and Miller, Jim and others},
  journal={Language and {S}peech},
  volume={34},
  number={4},
  pages={351--366},
  year={1991},
  publisher={SAGE Publications}
}
@article{watt2002evaluation,
  title={Evaluation of a technique for improving the mapping of multiple speakers’ vowel spaces in the {F}1\textasciitilde{} {F}2 plane},
  author={Watt, Dominic and Fabricius, Anne},
  journal={Leeds Working Papers in Linguistics and Phonetics},
  volume={9},
  number={9},
  pages={159--173},
  year={2002},
  publisher={University of Leeds}
}
@article{winter2016analyze,
  title={How to analyze linguistic change using mixed models, {G}rowth {C}urve {A}nalysis and {G}eneralized {A}dditive {M}odeling},
  author={Winter, Bodo and Wieling, Martijn},
  journal={Journal of Language Evolution},
  volume={1},
  number={1},
  pages={7--18},
  year={2016},
  publisher={The Oxford University Press}
}
@article{kroch1978toward,
  title={Toward a theory of social dialect variation},
  author={Kroch, Anthony S},
  journal={Language in {S}ociety},
  volume={7},
  number={01},
  pages={17--36},
  year={1978},
  publisher={Cambridge Univ Press}
}
@Misc{thomason2016,
  author =       {Thomason, Sarah},
  title =        {Sound supression and sound change},
  year =         {2016},
  month =        {3},
  note =         {Plenary paper given at the 52nd Meeting of the Chicago Linguistic Society, 21-23 April 2016, University of Chicago.},
url ={http://chicagolinguisticsociety.org/public/cls52booklet.pdf},
}
@InCollection{labov2008triggering,
  author={Labov, William},
title={Triggering events},
booktitle={Studies in the history of the English language IV: Empirical and analytical advances in the study of English language change},
  pages = 	 {11--55},
  publisher = {De Gruyter},
  year = 	 {2008},
  editor = 	 {Fitzmaurice, S. and Minkova, D.},
  address = 	 {Berlin}
}

